@inproceedings{Medeiros:2014:ADC:2566486.2568024,
    author = {\textsc{Medeiros}, Ib{\'e}ria and \textsc{Neves}, Nuno F. and
    \textsc{Correia},Miguel},
    title = {{Automatic Detection and Correction of Web Application
    Vulnerabilities Using Data Mining to Predict False Positives}},
    booktitle = {Proceedings of the 23rd International Conference on World Wide
    Web},
    series = {WWW '14},
    year = {2014},
    isbn = {978-1-4503-2744-2},
    location = {Seoul, Korea},
    pages = {63--74},
    numpages = {12},
    url = {http://doi.acm.org/10.1145/2566486.2568024},
    doi = {10.1145/2566486.2568024},
    acmid = {2568024},
    publisher = {ACM},
    address = {New York, NY, USA},
    keywords = {automatic protection, data mining, false positives,
    input validation vulnerabilities, security, software security,
    source code analysis, web applications},
}

@misc{glayzzle-php,
    author = {Glayzzle and Contributors, Various},
    title = {{PHP Parser}},
    note = {NodeJS PHP Parser - extract AST or tokens (PHP5 and PHP7)},
    howpublished = {Available at \url{https://github.com/glayzzle/php-parser}}
}